@INPROCEEDINGS{6493641, 
author={Hadi Esmaeilzadeh and Adrian Sampson and Luis Ceze and Doug Burger}, 
booktitle={2012 45th Annual IEEE/ACM International Symposium on Microarchitecture}, 
title={Neural Acceleration for General-Purpose Approximate Programs}, 
year={2012}, 
volume={}, 
number={}, 
pages={449-460}, 
keywords={learning (artificial intelligence);low-power electronics;neural nets;pipeline processing;power aware computing;program compilers;program interpreters;NPU acceleration;Parrot transformation;approximable code regions;approximate program acceleration;compiler;energy savings;general-purpose approximate programs;learning-based approach;low-power accelerator;neural acceleration;neural network;neural processing unit;offloading approximable code;processor pipeline;program transformation;programming model;quality loss;Accelerator;Approximate Computing;NPU;Neural Networks;Neural Processing Unit}, 
doi={10.1109/MICRO.2012.48}, 
ISSN={1072-4451}, 
month={Dec},}
